@article {DHI,
    AUTHOR = {Dugger, Daniel and Hollander, Sharon and Isaksen, Daniel C.},
     TITLE = {Hypercovers and simplicial presheaves},
   JOURNAL = {Math. Proc. Cambridge Philos. Soc.},
  FJOURNAL = {Mathematical Proceedings of the Cambridge Philosophical
              Society},
    VOLUME = {136},
      YEAR = {2004},
    NUMBER = {1},
     PAGES = {9--51},
      ISSN = {0305-0041,1469-8064},
   MRCLASS = {18F20 (55U35)},
  MRNUMBER = {2034012},
MRREVIEWER = {Manuel\ Bullejos Lorenzo},
       DOI = {10.1017/S0305004103007175},
       URL = {https://doi.org/10.1017/S0305004103007175},
}

@article {EHIK-cd,
    AUTHOR = {Elmanto, Elden and Hoyois, Marc and Iwasa, Ryomei and Kelly,
              Shane},
     TITLE = {Cdh descent, cdarc descent, and {M}ilnor excision},
   JOURNAL = {Math. Ann.},
  FJOURNAL = {Mathematische Annalen},
    VOLUME = {379},
      YEAR = {2021},
    NUMBER = {3-4},
     PAGES = {1011--1045},
      ISSN = {0025-5831,1432-1807},
   MRCLASS = {14F42 (14A20)},
  MRNUMBER = {4238259},
MRREVIEWER = {Bj\o rn\ Ian\ Dundas},
       DOI = {10.1007/s00208-020-02083-5},
       URL = {https://doi.org/10.1007/s00208-020-02083-5},
}


@article {Voevodsky-cd,
    AUTHOR = {Voevodsky, Vladimir},
     TITLE = {Homotopy theory of simplicial sheaves in completely
              decomposable topologies},
   JOURNAL = {J. Pure Appl. Algebra},
  FJOURNAL = {Journal of Pure and Applied Algebra},
    VOLUME = {214},
      YEAR = {2010},
    NUMBER = {8},
     PAGES = {1384--1398},
      ISSN = {0022-4049,1873-1376},
   MRCLASS = {55U35 (14F05 18F20 18G30)},
  MRNUMBER = {2593670},
MRREVIEWER = {Kathryn\ P.\ Hess},
       DOI = {10.1016/j.jpaa.2009.11.004},
       URL = {https://doi.org/10.1016/j.jpaa.2009.11.004},
}


@article {CM,
    AUTHOR = {Clausen, Dustin and Mathew, Akhil},
     TITLE = {Hyperdescent and \'{e}tale {$K$}-theory},
   JOURNAL = {Invent. Math.},
  FJOURNAL = {Inventiones Mathematicae},
    VOLUME = {225},
      YEAR = {2021},
    NUMBER = {3},
     PAGES = {981--1076},
      ISSN = {0020-9910,1432-1297},
   MRCLASS = {18F25 (14F20 55N15)},
  MRNUMBER = {4296353},
MRREVIEWER = {Barry\ H.\ Dayton},
       DOI = {10.1007/s00222-021-01043-3},
       URL = {https://doi.org/10.1007/s00222-021-01043-3},
}


@book {HTT,
    AUTHOR = {Lurie, Jacob},
     TITLE = {Higher topos theory},
    SERIES = {Annals of Mathematics Studies},
    VOLUME = {170},
 PUBLISHER = {Princeton University Press, Princeton, NJ},
      YEAR = {2009},
     PAGES = {xviii+925},
      ISBN = {978-0-691-14049-0; 0-691-14049-9},
   MRCLASS = {18-02 (18B25 18E35 18G30 18G55 55U40)},
  MRNUMBER = {2522659},
MRREVIEWER = {Mark\ Hovey},
       DOI = {10.1515/9781400830558},
       URL = {https://doi.org/10.1515/9781400830558},
}

@article {LT-pb,
    AUTHOR = {Land, Markus and Tamme, Georg},
     TITLE = {On the {$K$}-theory of pullbacks},
   JOURNAL = {Ann. of Math. (2)},
  FJOURNAL = {Annals of Mathematics. Second Series},
    VOLUME = {190},
      YEAR = {2019},
    NUMBER = {3},
     PAGES = {877--930},
      ISSN = {0003-486X,1939-8980},
   MRCLASS = {19D55 (19D50 19E08)},
  MRNUMBER = {4024564},
MRREVIEWER = {Guillermo\ Corti\~{n}as},
       DOI = {10.4007/annals.2019.190.3.4},
       URL = {https://doi.org/10.4007/annals.2019.190.3.4},
}

@article {Hoyois,
    AUTHOR = {Hoyois, Marc},
     TITLE = {A quadratic refinement of the
              {G}rothendieck-{L}efschetz-{V}erdier trace formula},
   JOURNAL = {Algebr. Geom. Topol.},
  FJOURNAL = {Algebraic \& Geometric Topology},
    VOLUME = {14},
      YEAR = {2014},
    NUMBER = {6},
     PAGES = {3603--3658},
      ISSN = {1472-2747,1472-2739},
   MRCLASS = {14F42 (11E81 55M20)},
  MRNUMBER = {3302973},
MRREVIEWER = {Daniel\ C.\ Isaksen},
       DOI = {10.2140/agt.2014.14.3603},
       URL = {https://doi.org/10.2140/agt.2014.14.3603},
}

@book{SAG,
AUTHOR={Lurie, Jacob},
TITLE = {Spectral algebraic geometry},
}

@misc{Freudenthal,
      title={On $\mathbb{P}^1$-stabilization in unstable motivic homotopy theory}, 
      author={Aravind Asok and Tom Bachmann and Michael J. Hopkins},
      year={2023},
      eprint={2306.04631},
      archivePrefix={arXiv},
      primaryClass={math.AG}
}

@misc{Aravind,
	title = {Algebraic geometry from an {$\mathbb{A}^1$}-homotopic viewpoint},
	author={Asok, Aravind},
	year={2021}
}


@article {AHW1,
    AUTHOR = {Asok, Aravind and Hoyois, Marc and Wendt, Matthias},
     TITLE = {Affine representability results in {$\mathbb{A}^1$}-homotopy
              theory, {I}: vector bundles},
   JOURNAL = {Duke Math. J.},
  FJOURNAL = {Duke Mathematical Journal},
    VOLUME = {166},
      YEAR = {2017},
    NUMBER = {10},
     PAGES = {1923--1953},
      ISSN = {0012-7094},
   MRCLASS = {14F42 (55R15)},
  MRNUMBER = {3679884},
MRREVIEWER = {Kyle M. Ormsby},
       DOI = {10.1215/00127094-0000014X},
       URL = {https://doi-org.proxy.library.upenn.edu/10.1215/00127094-0000014X},
}


@article {AHW2,
    AUTHOR = {Asok, Aravind and Hoyois, Marc and Wendt, Matthias},
     TITLE = {Affine representability results in {$\mathbb{A}^1$}-homotopy
              theory, {II}: {P}rincipal bundles and homogeneous spaces},
   JOURNAL = {Geom. Topol.},
  FJOURNAL = {Geometry \& Topology},
    VOLUME = {22},
      YEAR = {2018},
    NUMBER = {2},
     PAGES = {1181--1225},
      ISSN = {1465-3060},
   MRCLASS = {14F42 (14L10 20G15 55R15)},
  MRNUMBER = {3748687},
MRREVIEWER = {Federico Binda},
       DOI = {10.2140/gt.2018.22.1181},
       URL = {https://doi-org.proxy.library.upenn.edu/10.2140/gt.2018.22.1181},
}


@article {AHW3,
    AUTHOR = {Asok, Aravind and Hoyois, Marc and Wendt, Matthias},
     TITLE = {Affine representability results in {$\mathbb{A}^1$}-homotopy
              theory {III}: finite fields and complements},
   JOURNAL = {Algebr. Geom.},
  FJOURNAL = {Algebraic Geometry},
    VOLUME = {7},
      YEAR = {2020},
    NUMBER = {5},
     PAGES = {634--644},
      ISSN = {2313-1691},
   MRCLASS = {14F42 (14L10 20G15 55R15)},
  MRNUMBER = {4156421},
MRREVIEWER = {Niall Taggart},
       DOI = {10.14231/ag-2020-023},
       URL = {https://doi-org.proxy.library.upenn.edu/10.14231/ag-2020-023},
}

 @article{Voevodsky-cd, title={Homotopy theory of simplicial sheaves in completely decomposable topologies}, volume={214}, ISSN={0022-4049}, DOI={https://doi.org/10.1016/j.jpaa.2009.11.004}, abstractNote={There are two approaches to the homotopy theory of simplicial (pre-)sheaves. One developed by Joyal and Jardine works for all sites but produces a model structure which is not finitely generated even in the case of sheaves on a Noetherian topological space. The other one developed by Brown and Gersten gives a nice model structure for sheaves on a Noetherian space of finite dimension but does not extend to all sites. In this paper we define a class of sites for which a generalized version of the Brown–Gersten approach works.}, number={8}, journal={Journal of Pure and Applied Algebra}, author={Voevodsky, Vladimir}, year={2010}, pages={1384–1398} }


 @inbook{Morel-ICM, address={Zuerich, Switzerland}, title={A1-algebraic topology}, ISBN={978-3-03719-022-7}, url={http://www.ems-ph.org/doi/10.4171/022-2/49}, DOI={10.4171/022-2/49}, abstractNote={We present some recent results in A1-algebraic topology, which means both in A1-homotopy theory of schemes and its relationship with algebraic geometry. This refers to the classical relationship between homotopy theory and (differential) topology. We explain several examples of “motivic” versions of classical results: the theory of the Brouwer degree, the classiﬁcation of A1-coverings through the A1-fundamental group, the Hurewicz Theorem and the A1-homotopy of algebraic spheres, and the A1-homotopy classiﬁcation of vector bundles. We also give some applications and perspectives.}, booktitle={Proceedings of the International Congress of Mathematicians Madrid, August 22–30, 2006}, publisher={European Mathematical Society Publishing House}, author={Morel, Fabien}, editor={Sanz-Solé, Marta and Soria, Javier and Varona, Juan Luis and Verdera, Joan}, year={2007}, month=may, pages={1035–1059}, language={en} }


@misc{bachmannstrongly,
      title={Strongly A^1-invariant sheaves (after F. Morel)}, 
      author={Tom Bachmann},
      year={2024},
      eprint={2406.11526},
      archivePrefix={arXiv},
      primaryClass={math.AG},
      url={https://arxiv.org/abs/2406.11526}, 
}

 @book{Morel, address={Berlin, Heidelberg}, series={Lecture Notes in Mathematics}, title={A1-Algebraic Topology over a Field}, volume={2052}, ISBN={978-3-642-29513-3}, url={http://link.springer.com/10.1007/978-3-642-29514-0}, DOI={10.1007/978-3-642-29514-0}, publisher={Springer Berlin Heidelberg}, author={Morel, Fabien}, year={2012}, collection={Lecture Notes in Mathematics}, language={en} }


@article {infinite-loop,
    AUTHOR = {Elmanto, Elden and Hoyois, Marc and Khan, Adeel A. and
              Sosnilo, Vladimir and Yakerson, Maria},
     TITLE = {Motivic infinite loop spaces},
   JOURNAL = {Camb. J. Math.},
  FJOURNAL = {Cambridge Journal of Mathematics},
    VOLUME = {9},
      YEAR = {2021},
    NUMBER = {2},
     PAGES = {431--549},
      ISSN = {2168-0930,2168-0949},
   MRCLASS = {14F42 (14C05 19E15 55P47)},
  MRNUMBER = {4325285},
MRREVIEWER = {Ferdinando\ Zanchetta},
       DOI = {10.4310/CJM.2021.v9.n2.a3},
       URL = {https://doi.org/10.4310/CJM.2021.v9.n2.a3},
}

 @book{HA, title={Higher Algebra}, author={Lurie, Jacob}, year={2017} }


@article{Choudhury-H,
   title={Connectivity of motivic H–spaces},
   volume={14},
   ISSN={1472-2747},
   url={http://dx.doi.org/10.2140/agt.2014.14.37},
   DOI={10.2140/agt.2014.14.37},
   number={1},
   journal={Algebraic &amp; Geometric Topology},
   publisher={Mathematical Sciences Publishers},
   author={Choudhury, Utsav},
   year={2014},
   month=jan, pages={37–55} }


@book {Fulton,
    AUTHOR = {Fulton, William},
     TITLE = {Intersection theory},
    SERIES = {Ergebnisse der Mathematik und ihrer Grenzgebiete. 3. Folge. A
              Series of Modern Surveys in Mathematics [Results in
              Mathematics and Related Areas. 3rd Series. A Series of Modern
              Surveys in Mathematics]},
    VOLUME = {2},
   EDITION = {Second},
 PUBLISHER = {Springer-Verlag, Berlin},
      YEAR = {1998},
     PAGES = {xiv+470},
      ISBN = {3-540-62046-X; 0-387-98549-2},
   MRCLASS = {14C17 (14-02)},
  MRNUMBER = {1644323},
       DOI = {10.1007/978-1-4612-1700-8},
       URL = {https://doi.org/10.1007/978-1-4612-1700-8},
}

 @unpublished{Youcis, title={A brief discussion of torsors}, author={Youcis, Alex} }


@misc{Stacks,
    shorthand    = {Stacks},
    author       = {The {Stacks Project Authors}},
    title        = {\textit{Stacks Project}},
    howpublished = {\url{https://stacks.math.columbia.edu}},
    year         = {2018},
  }
  
@article {Dugger-univ,
    AUTHOR = {Dugger, Daniel},
     TITLE = {Universal homotopy theories},
   JOURNAL = {Adv. Math.},
  FJOURNAL = {Advances in Mathematics},
    VOLUME = {164},
      YEAR = {2001},
    NUMBER = {1},
     PAGES = {144--176},
      ISSN = {0001-8708,1090-2082},
   MRCLASS = {18G55 (18E20 55U10)},
  MRNUMBER = {1870515},
MRREVIEWER = {Manuel\ Bullejos Lorenzo},
       DOI = {10.1006/aima.2001.2014},
       URL = {https://doi.org/10.1006/aima.2001.2014},
}

@book {Friedlander,
    AUTHOR = {Friedlander, Eric M.},
     TITLE = {\'Etale homotopy of simplicial schemes},
    SERIES = {Annals of Mathematics Studies},
    VOLUME = {No. 104},
 PUBLISHER = {Princeton University Press, Princeton, NJ; University of Tokyo
              Press, Tokyo},
      YEAR = {1982},
     PAGES = {vii+190},
      ISBN = {0-691-08288-X},
   MRCLASS = {55P99 (14F35 55-02)},
  MRNUMBER = {676809},
MRREVIEWER = {V.\ P.\ Snaith},
}

@book {GoerssJardine,
    AUTHOR = {Goerss, Paul G. and Jardine, John F.},
     TITLE = {Simplicial homotopy theory},
    SERIES = {Progress in Mathematics},
    VOLUME = {174},
 PUBLISHER = {Birkh\"auser Verlag, Basel},
      YEAR = {1999},
     PAGES = {xvi+510},
      ISBN = {3-7643-6064-X},
   MRCLASS = {55U10 (18G55 55-01 55Pxx)},
  MRNUMBER = {1711612},
MRREVIEWER = {R.\ M.\ Vogt},
       DOI = {10.1007/978-3-0348-8707-6},
       URL = {https://doi.org/10.1007/978-3-0348-8707-6},
}

@book {Weibel,
    AUTHOR = {Weibel, Charles A.},
     TITLE = {An introduction to homological algebra},
    SERIES = {Cambridge Studies in Advanced Mathematics},
    VOLUME = {38},
 PUBLISHER = {Cambridge University Press, Cambridge},
      YEAR = {1994},
     PAGES = {xiv+450},
      ISBN = {0-521-43500-5; 0-521-55987-1},
   MRCLASS = {18-01 (16-01 17-01 20-01 55Uxx)},
  MRNUMBER = {1269324},
MRREVIEWER = {Kenneth\ A.\ Brown},
       DOI = {10.1017/CBO9781139644136},
       URL = {https://doi.org/10.1017/CBO9781139644136},
}

@article {Hodge3,
    AUTHOR = {Deligne, Pierre},
     TITLE = {Th\'eorie de {H}odge. {III}},
   JOURNAL = {Inst. Hautes \'Etudes Sci. Publ. Math.},
  FJOURNAL = {Institut des Hautes \'Etudes Scientifiques. Publications
              Math\'ematiques},
    NUMBER = {44},
      YEAR = {1974},
     PAGES = {5--77},
      ISSN = {0073-8301,1618-1913},
   MRCLASS = {14C30 (14F15)},
  MRNUMBER = {498552},
MRREVIEWER = {J.\ H. M. Steenbrink},
       URL = {http://www.numdam.org/item?id=PMIHES_1974__44__5_0},
}

@book {Hartshorne,
    AUTHOR = {Hartshorne, Robin},
     TITLE = {Algebraic geometry},
    SERIES = {Graduate Texts in Mathematics},
    VOLUME = {No. 52},
 PUBLISHER = {Springer-Verlag, New York-Heidelberg},
      YEAR = {1977},
     PAGES = {xvi+496},
      ISBN = {0-387-90244-9},
   MRCLASS = {14-01},
  MRNUMBER = {463157},
MRREVIEWER = {Robert\ Speiser},
}

@misc{MilneLEC,
author={Milne, James S.},
title={Lectures on Etale Cohomology (v2.21)},
year={2013},
note={Available at www.jmilne.org/math/},
pages={202}
}

@misc{MilneAG,
author={Milne, James S.},
title={Algebraic Groups (v2.00)},
year={2015},
note={Available at www.jmilne.org/math/},
pages={528}
}

 @article{Grothendieck-torsion, title={Torsion homologique et sections rationnelles}, author={Grothendieck, Alexandre}, language={fr} }


@misc{chd,
	title = {Some remarks on {G}alois cohomology and linear algebraic groups},
	author={Halleck-{D}ub\'{e}, Connor},
	url={https://math.berkeley.edu/~chd/expo/Gal_Coh.pdf}	
}

@incollection {AE,
    AUTHOR = {Antieau, Benjamin and Elmanto, Elden},
     TITLE = {A primer for unstable motivic homotopy theory},
 BOOKTITLE = {Surveys on recent developments in algebraic geometry},
    SERIES = {Proc. Sympos. Pure Math.},
    VOLUME = {95},
     PAGES = {305--370},
 PUBLISHER = {Amer. Math. Soc., Providence, RI},
      YEAR = {2017},
      ISBN = {978-1-4704-3557-8},
   MRCLASS = {14F42 (55R50)},
  MRNUMBER = {3727503},
MRREVIEWER = {Serge\ A.\ Yagunov},
       DOI = {10.1090/pspum/095/01637},
       URL = {https://doi.org/10.1090/pspum/095/01637},
}

@misc{Bachmann-K,
	title = {Algebraic $K$-theory from the viewpoint of motivic homotopy theory},
	author = {Bachmann, Tom},
	url = {https://www.mathematik.uni-muenchen.de/~bachmann/KGL-minicourse.pdf},
}

 @article{Nisnevich, title={The completely decomposed topology on schemes and associated descent spectral sequences in algebraic $K$-theory}, author={Nisnevich, Yeo A}, pages={102}, language={en} }


@book {Riehl,
    AUTHOR = {Riehl, Emily},
     TITLE = {Categorical homotopy theory},
    SERIES = {New Mathematical Monographs},
    VOLUME = {24},
 PUBLISHER = {Cambridge University Press, Cambridge},
      YEAR = {2014},
     PAGES = {xviii+352},
      ISBN = {978-1-107-04845-4},
   MRCLASS = {18G55 (18D20 55U35)},
  MRNUMBER = {3221774},
MRREVIEWER = {David\ A.\ Blanc},
       DOI = {10.1017/CBO9781107261457},
       URL = {https://doi.org/10.1017/CBO9781107261457},
}

@article {Hollander,
    AUTHOR = {Hollander, Sharon},
     TITLE = {A homotopy theory for stacks},
   JOURNAL = {Israel J. Math.},
  FJOURNAL = {Israel Journal of Mathematics},
    VOLUME = {163},
      YEAR = {2008},
     PAGES = {93--124},
      ISSN = {0021-2172,1565-8511},
   MRCLASS = {18G55 (14A20 18D30 55U35)},
  MRNUMBER = {2391126},
MRREVIEWER = {Mark\ W.\ Johnson},
       DOI = {10.1007/s11856-008-0006-5},
       URL = {https://doi.org/10.1007/s11856-008-0006-5},
}

@misc{SAG,
	author={Lurie, Jacob},
	title={Spectral algebraic geometry},
	year={2018}
}

@article {Traverso,
    AUTHOR = {Traverso, Carlo},
     TITLE = {Seminormality and {P}icard group},
   JOURNAL = {Ann. Scuola Norm. Sup. Pisa Cl. Sci. (3)},
  FJOURNAL = {Annali della Scuola Normale Superiore di Pisa. Classe di
              Scienze. Serie III},
    VOLUME = {24},
      YEAR = {1970},
     PAGES = {585--595},
      ISSN = {0391-173X},
   MRCLASS = {14.55 (16.00)},
  MRNUMBER = {277542},
MRREVIEWER = {P.\ Abellanas},
}

@article {MV,
    AUTHOR = {Morel, Fabien and Voevodsky, Vladimir},
     TITLE = {{${\bf A}^1$}-homotopy theory of schemes},
   JOURNAL = {Inst. Hautes \'{E}tudes Sci. Publ. Math.},
  FJOURNAL = {Institut des Hautes \'{E}tudes Scientifiques. Publications
              Math\'{e}matiques},
    NUMBER = {90},
      YEAR = {1999},
     PAGES = {45--143},
      ISSN = {0073-8301,1618-1913},
   MRCLASS = {14F35 (19E08)},
  MRNUMBER = {1813224},
MRREVIEWER = {Marc\ Levine},
       URL = {http://www.numdam.org/item?id=PMIHES_1999__90__45_0},
}

@article{AF-spheres,
   title={Algebraic vector bundles on spheres},
   volume={7},
   ISSN={1753-8416},
   url={http://dx.doi.org/10.1112/jtopol/jtt046},
   DOI={10.1112/jtopol/jtt046},
   number={3},
   journal={Journal of Topology},
   publisher={Wiley},
   author={Asok, Aravind and Fasel, Jean},
   year={2014},
   month=feb, pages={894–926}
}



@article {Hoyois6,
    AUTHOR = {Hoyois, Marc},
     TITLE = {The six operations in equivariant motivic homotopy theory},
   JOURNAL = {Adv. Math.},
  FJOURNAL = {Advances in Mathematics},
    VOLUME = {305},
      YEAR = {2017},
     PAGES = {197--279},
      ISSN = {0001-8708,1090-2082},
   MRCLASS = {14F42 (55P91)},
  MRNUMBER = {3570135},
MRREVIEWER = {Jeremiah\ Ben\ Heller},
       DOI = {10.1016/j.aim.2016.09.031},
       URL = {https://doi.org/10.1016/j.aim.2016.09.031},
}

@incollection {Weibel-KH,
    AUTHOR = {Weibel, Charles A.},
     TITLE = {Homotopy algebraic {$K$}-theory},
 BOOKTITLE = {Algebraic {$K$}-theory and algebraic number theory
              ({H}onolulu, {HI}, 1987)},
    SERIES = {Contemp. Math.},
    VOLUME = {83},
     PAGES = {461--488},
 PUBLISHER = {Amer. Math. Soc., Providence, RI},
      YEAR = {1989},
      ISBN = {0-8218-5090-3},
   MRCLASS = {18F25 (19D25)},
  MRNUMBER = {991991},
MRREVIEWER = {Barry\ H.\ Dayton},
       DOI = {10.1090/conm/083/991991},
       URL = {https://doi.org/10.1090/conm/083/991991},
}

@misc{AD-excision,
      title={$A^1$-homotopy groups, excision, and solvable quotients}, 
      author={Aravind Asok and Brent Doran},
      year={2009},
      eprint={0902.1564},
      archivePrefix={arXiv},
      primaryClass={math.AG},
      url={https://arxiv.org/abs/0902.1564}, 
}

@misc{AO-contractible,
      title={$A^1$-homotopy theory and contractible varieties: a survey}, 
      author={Aravind Asok and Paul Arne Ostvaer},
      year={2019},
      eprint={1903.07851},
      archivePrefix={arXiv},
      primaryClass={math.AG},
      url={https://arxiv.org/abs/1903.07851}, 
}

@article {HMH,
    AUTHOR = {Hoyois, Marc},
     TITLE = {From algebraic cobordism to motivic cohomology},
   JOURNAL = {J. Reine Angew. Math.},
  FJOURNAL = {Journal f\"ur die Reine und Angewandte Mathematik. [Crelle's
              Journal]},
    VOLUME = {702},
      YEAR = {2015},
     PAGES = {173--226},
      ISSN = {0075-4102,1435-5345},
   MRCLASS = {14F43 (14F42 55N22 55U35)},
  MRNUMBER = {3341470},
MRREVIEWER = {Christophe\ Cazanave},
       DOI = {10.1515/crelle-2013-0038},
       URL = {https://doi.org/10.1515/crelle-2013-0038},
}

@article{Shah,
   title={Parametrized higher category theory},
   volume={23},
   ISSN={1472-2747},
   url={http://dx.doi.org/10.2140/agt.2023.23.509},
   DOI={10.2140/agt.2023.23.509},
   number={2},
   journal={Algebraic Geometric Topology},
   publisher={Mathematical Sciences Publishers},
   author={Shah, Jay},
   year={2023},
   month=may, pages={509–644}
}


@phdthesis{Feld-thesis,
	title = {{M}ilnor-{W}itt sheaves and modules},
	author = {Feld, Niels},
	year = {2021}
}

@book {Kbook,
    AUTHOR = {Weibel, Charles A.},
     TITLE = {The {$K$}-book},
    SERIES = {Graduate Studies in Mathematics},
    VOLUME = {145},
      NOTE = {An introduction to algebraic $K$-theory},
 PUBLISHER = {American Mathematical Society, Providence, RI},
      YEAR = {2013},
     PAGES = {xii+618},
      ISBN = {978-0-8218-9132-2},
   MRCLASS = {19-01},
  MRNUMBER = {3076731},
MRREVIEWER = {L.\ N.\ Vaserstein},
       DOI = {10.1090/gsm/145},
       URL = {https://doi.org/10.1090/gsm/145},
}

@book {Lam,
    AUTHOR = {Lam, T. Y.},
     TITLE = {Introduction to quadratic forms over fields},
    SERIES = {Graduate Studies in Mathematics},
    VOLUME = {67},
 PUBLISHER = {American Mathematical Society, Providence, RI},
      YEAR = {2005},
     PAGES = {xxii+550},
      ISBN = {0-8218-1095-2},
   MRCLASS = {11Exx},
  MRNUMBER = {2104929},
MRREVIEWER = {K.\ Szymiczek},
       DOI = {10.1090/gsm/067},
       URL = {https://doi.org/10.1090/gsm/067},
}

@article {MilnorK,
    AUTHOR = {Milnor, John},
     TITLE = {Algebraic {$K$}-theory and quadratic forms},
   JOURNAL = {Invent. Math.},
  FJOURNAL = {Inventiones Mathematicae},
    VOLUME = {9},
      YEAR = {1969/70},
     PAGES = {318--344},
      ISSN = {0020-9910,1432-1297},
   MRCLASS = {18.20 (10.00)},
  MRNUMBER = {260844},
MRREVIEWER = {H.\ Bass},
       DOI = {10.1007/BF01425486},
       URL = {https://doi.org/10.1007/BF01425486},
}

@book {EKM,
    AUTHOR = {Elman, Richard and Karpenko, Nikita and Merkurjev, Alexander},
     TITLE = {The algebraic and geometric theory of quadratic forms},
    SERIES = {American Mathematical Society Colloquium Publications},
    VOLUME = {56},
 PUBLISHER = {American Mathematical Society, Providence, RI},
      YEAR = {2008},
     PAGES = {viii+435},
      ISBN = {978-0-8218-4329-1},
   MRCLASS = {11Exx (11-02 11E04 11E81 14C15 14C25)},
  MRNUMBER = {2427530},
MRREVIEWER = {Andrzej\ S\l adek},
       DOI = {10.1090/coll/056},
       URL = {https://doi.org/10.1090/coll/056},
}

@misc{Deglise,
      title={Notes on Milnor-Witt K-theory}, 
      author={Fr\'{e}d\'{e}ric D\'{e}glise},
      year={2023},
      eprint={2305.18609},
      archivePrefix={arXiv},
      primaryClass={math.AG},
      url={https://arxiv.org/abs/2305.18609}, 
}

@misc{Carlier,
	title = {Notes: {M}ilnor--{W}itt $K$-theory},
	author = {Carlier, Robin},
	year = {2020},
	url = {https://deglise.perso.math.cnrs.fr/docs/2020/Carlier2.pdf},
}

@article {Fasel-CW,
    AUTHOR = {Fasel, Jean},
     TITLE = {The {C}how-{W}itt ring},
   JOURNAL = {Doc. Math.},
  FJOURNAL = {Documenta Mathematica},
    VOLUME = {12},
      YEAR = {2007},
     PAGES = {275--312},
      ISSN = {1431-0635,1431-0643},
   MRCLASS = {14C15 (14C17 14F43)},
  MRNUMBER = {2350291},
MRREVIEWER = {Dan Edidin},
}

@article {AF-vb-spheres,
    AUTHOR = {Asok, Aravind and Fasel, Jean},
     TITLE = {Algebraic vector bundles on spheres},
   JOURNAL = {J. Topol.},
  FJOURNAL = {Journal of Topology},
    VOLUME = {7},
      YEAR = {2014},
    NUMBER = {3},
     PAGES = {894--926},
      ISSN = {1753-8416,1753-8424},
   MRCLASS = {14J60 (14F42 19D45 55S35)},
  MRNUMBER = {3252968},
MRREVIEWER = {Daniel\ C.\ Isaksen},
       DOI = {10.1112/jtopol/jtt046},
       URL = {https://doi.org/10.1112/jtopol/jtt046},
}

@article {Deglise-MH,
    AUTHOR = {D\'{e}glise, F.},
     TITLE = {Modules homotopiques},
   JOURNAL = {Doc. Math.},
  FJOURNAL = {Documenta Mathematica},
    VOLUME = {16},
      YEAR = {2011},
     PAGES = {411--455},
      ISSN = {1431-0635,1431-0643},
   MRCLASS = {14F42 (14C15 14C35)},
  MRNUMBER = {2823365},
MRREVIEWER = {Sung\ Myung},
}

@incollection {Deglise-finite-corr,
    AUTHOR = {D\'{e}glise, Fr\'{e}d\'{e}ric},
     TITLE = {Finite correspondences and transfers over a regular base},
 BOOKTITLE = {Algebraic cycles and motives. {V}ol. 1},
    SERIES = {London Math. Soc. Lecture Note Ser.},
    VOLUME = {343},
     PAGES = {138--205},
 PUBLISHER = {Cambridge Univ. Press, Cambridge},
      YEAR = {2007},
      ISBN = {978-0-521-70174-7; 0-521-70174-0},
   MRCLASS = {14F42 (14C17 14C25)},
  MRNUMBER = {2385302},
MRREVIEWER = {Oliver\ R\"ondigs},
       DOI = {10.1017/CBO9780511721496.005},
       URL = {https://doi.org/10.1017/CBO9780511721496.005},
}

@article {Robalo,
    AUTHOR = {Robalo, Marco},
     TITLE = {{$K$}-theory and the bridge from motives to noncommutative
              motives},
   JOURNAL = {Adv. Math.},
  FJOURNAL = {Advances in Mathematics},
    VOLUME = {269},
      YEAR = {2015},
     PAGES = {399--550},
      ISSN = {0001-8708,1090-2082},
   MRCLASS = {14F42 (14A22 18D10 19E15)},
  MRNUMBER = {3281141},
MRREVIEWER = {Jens\ Hornbostel},
       DOI = {10.1016/j.aim.2014.10.011},
       URL = {https://doi.org/10.1016/j.aim.2014.10.011},
}

@Article{ArasonPfister,
author={Arason, J{\'o}n Kristinn
and Pfister, Albrecht},
title={Beweis des Krullschen Durchschnittsatzes f{\"u}r den Wittring},
journal={Inventiones mathematicae},
year={1971},
month={Jun},
day={01},
volume={12},
number={2},
pages={173-176},
issn={1432-1297},
doi={10.1007/BF01404657},
url={https://doi.org/10.1007/BF01404657}
}

@article {AF3,
    AUTHOR = {Asok, Aravind and Fasel, Jean},
     TITLE = {A cohomological classification of vector bundles on smooth
              affine threefolds},
   JOURNAL = {Duke Math. J.},
  FJOURNAL = {Duke Mathematical Journal},
    VOLUME = {163},
      YEAR = {2014},
    NUMBER = {14},
     PAGES = {2561--2601},
      ISSN = {0012-7094,1547-7398},
   MRCLASS = {14J60 (14J30 19D45 55S35)},
  MRNUMBER = {3273577},
MRREVIEWER = {Mart\'i\ Lahoz},
       DOI = {10.1215/00127094-2819299},
       URL = {https://doi.org/10.1215/00127094-2819299},
}